@article{brown,
  author     = "Brown, G.S.",
  title      = "The Average Impulse Response of a Rough Surface and Its Applications",
  journal    = "IEEE Transactions on Antennas and Propagation",
  volume     = "25",
  number     = "1",
  pages      = "67-74",
  publisher  = "IEEE",
  year       = "1977",
  DOI        = "10.1109/TAP.1977.1141536"
}

@article{moore-and-williams,
  author     = "Moore, R.K and Williams, C.S.",
  title      = "Radar Terrain Return at Near-Vertical Incidence",
  journal    = "Proceedings of the IRE",
  volume     = "45",
  number     = "2",
  pages      = "228-238",
  publisher  = "IEEE",
  year       = "1957",
  DOI        = "10.1109/JRPROC.1957.278384"
}

@article{amarouche,
  author     = "Amarouche, L and Thibaut, P and Zanife, O.Z.",
  title      = "Improving the Jason-1 Ground Retracking to Better Account for
  Attitude Effects",
  journal    = "Marine Geodesy",
  volume     = "27",
  number     = "1-2",
  pages      = "171-197",
  year       = "2004",
  DOI        = "10.1080/01490410490465210"
}

@book{bass-and-fuks,
  author    = "Басс, {\CYRF}.{\CYRG}. и Фукс, {\CYRI}.{\CYRM}.",
  title     = "Рассеяние волн на статически неровной морской поверхности",
  publisher = "Наука",
  address   = "Москва",
  year      = "1972",
}
