@inbook{karaev,
  author     = "Караев, {\CYRK}. and Каневский, {\CYRM}.",
  title      = "Численное моделирование поверхностного волнения и дистанционное
  зондирование",
  number     = "552",
  booktitle  = "Препринт",
  year       = "2000",
  publisher  = "ИПФ РАН",
  address    = "Нижний Новгород",
  language   = "russian",
}

@book{longe-higgins,
  author    = "{\CYRL}онге-{\CYRH}игггинс, {\CYRM}. {\CYRS}.",
  title     = "Статиcтический анализ случайно движущейся поверхности",
  pages     = "112-230",
  publisher = "Иностранная литература",
  address   = "Москва",
  year      = "1962",
  language   = "russian",
}

@book{tihonov,
  author    = "{\CYRT}ихонов, {\CYRV}. {\CYRI}.",
  title     = "Статистическая радиотехника",
  pages     = "293",
  publisher = "Радио и связь",
  address   = "Москва",
  edition   = "2",
  year      = "1982",
  language   = "russian",
}
@inbook{fu,
  booktitle = "Satellite altimetry and earth sciences",
  author    = "Fu, Lee-Lueng and Cazenave, Anby",
  pages     = "463",
  publisher = "Academic Press",
  title = "A handbook of techniques and applications",
  year      = "2001",
}


@book{pustovoytenko,
    title  = "Оперативная океанография: современное состояние перспективы и
    проблемы спутниковой альтиметрии",
    author = "{\CYRP}устовойтенко, {\CYRV}. and {\CYRZ}апевалов, {\CYRA}.",
    language   = "russian",
    year = "2012",
    address = "Севастополь",
    pages = "218",
}

@article{pierson,
    author = "Pierson, W.",
    title = "Perturbation analysis of the Navier-Stokes equations in Lagrangian
    form with selected linear solutions",
    journal = "Geophys. Res.",
    volume = "67",
    number = "8",
    pages = "3151-3160",
    year  = "1962",
}

@article{ryabkova,
    author = {Ryabkova, M. and Karaev, V. and Guo, J. and Titchenko, Yu.},
    title = "{A Review of Wave Spectrum Models as Applied to the Problem of
              Radar Probing of the Sea Surface}",
    journal = {Journal of Geophysical Research: Oceans},
    volume = {124},
    number = {10},
    pages = {7104-7134},
    keywords = {wave spectrum model, remote sensing, spectral density},
    doi = {10.1029/2018JC014804},
    year = {2019}
}

@misc{security,
    title = {Типовая инструкция по охране труда при работе на персональном
             компьютере},
    note = {ТОИ Р-45-084-01},
    year = {2001}
}
